
@book{Vapnik1998,
	Address = {New York},
	Author = {Vapnik, V.N.},
	Publisher = {John Wiley \& Sons, Inc.},
	Title = {Statistical learning theory},
	Year = {1998}}

@book{Tsybakov2009,
	Address = {New York},
	Author = {Tsybakov, A.B.},
	Publisher = {Springer},
	Title = {Introduction to Nonparametric Estimation},
	Year = {2009}}

@book{BoucheronLugosi2013,
	Address = {Oxford, UK},
	Author = {Boucheron, S. and Lugosi, G. and Massart, P.},
	Publisher = {Oxford University Press},
	Title = {Concentration Inequalities},
	Year = {2013}}

@book{DevroyeGyorfi2013,
	Address = {New York},
	Author = {Devroye, Luc and Gy{\"o}rfi, L{\'a}szl{\'o} and Lugosi, G{\'a}bor},
	Publisher = {Springer},
	Title = {A probabilistic theory of pattern recognition},
	Year = {2013}}

@book{boyd2004convex,
  title={Convex optimization},
  author={Boyd, Stephen and Vandenberghe, Lieven},
  year={2004},
  publisher={Cambridge university press}
}

@article{bartlett_rademacher_2003,
	title = {Rademacher and {Gaussian} {Complexities}: {Risk} {Bounds} and {Structural} {Results}},
	volume = {3},
	issn = {1532-4435},
	journal = {The Journal of Machine Learning Research},
	author = {Bartlett, Peter L. and Mendelson, Shahar},
	month = mar,
	year = {2003},
	keywords = {data-dependent complexity, error bounds, maximum discrepancy, Rademacher averages},
	pages = {463--482}
}